@article{Vogelstein2004,
  title = {Cancer genes and the pathways they control},
  volume = {10},
  ISSN = {1546-170X},
  url = {http://dx.doi.org/10.1038/nm1087},
  DOI = {10.1038/nm1087},
  number = {8},
  journal = {Nature Medicine},
  publisher = {Springer Science and Business Media LLC},
  author = {Vogelstein,  Bert and Kinzler,  Kenneth W},
  year = {2004},
  pages = {789â€“799}
}
